<?xml version="1.0" encoding="UTF-8"?><collection xmlns="http://www.loc.gov/MARC21/slim"><record><leader>00458nam--2200133-i-4500</leader><controlfield tag="001">000039798</controlfield><controlfield tag="002">20161230</controlfield><controlfield tag="005">20161230201042</controlfield><controlfield tag="008">060222s1000------------r-----000-0-eng-d</controlfield><datafield ind1=" " ind2=" " tag="080"><subfield code="a">517.9+517.3+517.5:53:62</subfield></datafield><datafield ind1=" " ind2=" " tag="100"><subfield code="a">Rothe, R</subfield></datafield><datafield ind1=" " ind2=" " tag="245"><subfield code="a">Hohere mathematik fur mathematiker, physiker, ingenieure. herausgegeben von w.schmeidler. verschiedene auflage. teil. vii: rumliche und ebene potenzialfunktion</subfield></datafield><datafield ind1=" " ind2=" " tag="260"><subfield code="a">Stuttgart, Teubner, 1953-1956</subfield></datafield><datafield ind1=" " ind2=" " tag="852"><subfield code="a">11605</subfield></datafield></record></collection>